@inproceedings{Boucher:1996:ACN:647473.727587,
  author = {Boucher, Dominique and Feeley, Marc},
  title = {Abstract Compilation: A New Implementation Paradigm for Static Analysis},
  booktitle = {Proceedings of the 6th International Conference on Compiler Construction},
  series = {CC '96},
  year = {1996},
  isbn = {3-540-61053-7},
  pages = {192--207},
  numpages = {16},
  url = {http://dl.acm.org/citation.cfm?id=647473.727587},
  acmid = {727587},
  publisher = {Springer-Verlag},
  address = {London, UK, UK},
} 

@article{darais2017abstracting,
  title={Abstracting definitional interpreters (functional pearl)},
  author={Darais, David and Labich, Nicholas and Nguyen, Ph{\'u}c C and Van Horn, David},
  journal={Proceedings of the ACM on Programming Languages},
  volume={1},
  number={ICFP},
  pages={12},
  year={2017},
  publisher={ACM}
}

@inproceedings{Johnson:2013:OAA:2500365.2500604,
  author = {Johnson, J. Ian and Labich, Nicholas and Might, Matthew and Van Horn, David},
  title = {Optimizing Abstract Abstract Machines},
  booktitle = {Proceedings of the 18th ACM SIGPLAN International Conference on Functional Programming},
  series = {ICFP '13},
  year = {2013},
  isbn = {978-1-4503-2326-0},
  location = {Boston, Massachusetts, USA},
  pages = {443--454},
  numpages = {12},
  url = {http://doi.acm.org/10.1145/2500365.2500604},
  doi = {10.1145/2500365.2500604},
  acmid = {2500604},
  publisher = {ACM},
  address = {New York, NY, USA},
  keywords = {abstract interpretation, abstract machines},
} 

