@inproceedings{Torlak:2014:LSV:2594291.2594340,
 author = {Torlak, Emina and Bodik, Rastislav},
 title = {A Lightweight Symbolic Virtual Machine for Solver-aided Host Languages},
 booktitle = {Proceedings of the 35th ACM SIGPLAN Conference on Programming Language Design and Implementation},
 series = {PLDI '14},
 year = {2014},
 isbn = {978-1-4503-2784-8},
 location = {Edinburgh, United Kingdom},
 pages = {530--541},
 numpages = {12},
 url = {http://doi.acm.org/10.1145/2594291.2594340},
 doi = {10.1145/2594291.2594340},
 acmid = {2594340},
 publisher = {ACM},
 address = {New York, NY, USA},
 keywords = {solver-aided languages, symbolic virtual machine},
} 

@inproceedings{DBLP:conf/oopsla/Tobin-HochstadtH12,
  author    = {Sam Tobin{-}Hochstadt and
               David Van Horn},
  editor    = {Gary T. Leavens and
               Matthew B. Dwyer},
  title     = {Higher-order symbolic execution via contracts},
  booktitle = {Proceedings of the 27th Annual {ACM} {SIGPLAN} Conference on Object-Oriented
               Programming, Systems, Languages, and Applications, {OOPSLA} 2012,
               part of {SPLASH} 2012, Tucson, AZ, USA, October 21-25, 2012},
  pages     = {537--554},
  publisher = {{ACM}},
  year      = {2012},
  url       = {https://doi.org/10.1145/2384616.2384655},
  doi       = {10.1145/2384616.2384655},
  timestamp = {Tue, 06 Nov 2018 16:57:16 +0100},
  biburl    = {https://dblp.org/rec/bib/conf/oopsla/Tobin-HochstadtH12},
  bibsource = {dblp computer science bibliography, https://dblp.org}
}

@inproceedings{DBLP:conf/asplos/BucurKC14,
  author    = {Stefan Bucur and
               Johannes Kinder and
               George Candea},
  editor    = {Rajeev Balasubramonian and
               Al Davis and
               Sarita V. Adve},
  title     = {Prototyping symbolic execution engines for interpreted languages},
  booktitle = {Architectural Support for Programming Languages and Operating Systems,
               {ASPLOS} '14, Salt Lake City, UT, USA, March 1-5, 2014},
  pages     = {239--254},
  publisher = {{ACM}},
  year      = {2014},
  url       = {https://doi.org/10.1145/2541940.2541977},
  doi       = {10.1145/2541940.2541977},
  timestamp = {Tue, 06 Nov 2018 11:07:42 +0100},
  biburl    = {https://dblp.org/rec/bib/conf/asplos/BucurKC14},
  bibsource = {dblp computer science bibliography, https://dblp.org}
}

@inproceedings{DBLP:conf/sp/SchwartzAB10,
  author    = {Edward J. Schwartz and
               Thanassis Avgerinos and
               David Brumley},
  title     = {All You Ever Wanted to Know about Dynamic Taint Analysis and Forward
               Symbolic Execution (but Might Have Been Afraid to Ask)},
  booktitle = {31st {IEEE} Symposium on Security and Privacy, S{\&}P 2010, 16-19
               May 2010, Berleley/Oakland, California, {USA}},
  pages     = {317--331},
  publisher = {{IEEE} Computer Society},
  year      = {2010},
  url       = {https://doi.org/10.1109/SP.2010.26},
  doi       = {10.1109/SP.2010.26},
  timestamp = {Fri, 26 May 2017 00:50:06 +0200},
  biburl    = {https://dblp.org/rec/bib/conf/sp/SchwartzAB10},
  bibsource = {dblp computer science bibliography, https://dblp.org}
}

@article{DBLP:journals/csur/BaldoniCDDF18,
  author    = {Roberto Baldoni and
               Emilio Coppa and
               Daniele Cono D'Elia and
               Camil Demetrescu and
               Irene Finocchi},
  title     = {A Survey of Symbolic Execution Techniques},
  journal   = {{ACM} Comput. Surv.},
  volume    = {51},
  number    = {3},
  pages     = {50:1--50:39},
  year      = {2018},
  url       = {https://doi.org/10.1145/3182657},
  doi       = {10.1145/3182657},
  timestamp = {Wed, 21 Nov 2018 12:44:28 +0100},
  biburl    = {https://dblp.org/rec/bib/journals/csur/BaldoniCDDF18},
  bibsource = {dblp computer science bibliography, https://dblp.org}
}

@inproceedings{Siddiqui:2012:SSE:2245276.2231988,
 author = {Siddiqui, Junaid Haroon and Khurshid, Sarfraz},
 title = {Staged Symbolic Execution},
 booktitle = {Proceedings of the 27th Annual ACM Symposium on Applied Computing},
 series = {SAC '12},
 year = {2012},
 isbn = {978-1-4503-0857-1},
 location = {Trento, Italy},
 pages = {1339--1346},
 numpages = {8},
 url = {http://doi.acm.org/10.1145/2245276.2231988},
 doi = {10.1145/2245276.2231988},
 acmid = {2231988},
 publisher = {ACM},
 address = {New York, NY, USA},
}

